% vim:ts=4:sw=4

@article{test-en,
	author = {Author},
	title = {Title},
	type = {J},
	journal = {Journal},
	date = {2014-04-01},
	language = {english},
}

@article{test-zh,
	author = {作者},
	title = {标题},
	type = {J},
	journal = {期刊},
	date = {2014-04-01},
	language = {chinese},
}

@article{localapi,
 author = {Dig, Danny and Johnson, Ralph},
 title = {{How Do APIs Evolve? A Story of Refactoring: Research Articles}},
 journal = {J. Softw. Maint. Evol.},
 year = {2006},
 pages = {83--107},
} 

@inproceedings{webapi,
  title={How does web service API evolution affect clients?},
  author={{Li, Jun and Xiong, Yingfei and Liu, Xuanzhe and Zhang, Lu}},
  booktitle={ICWS},
  pages={300--307},
  year={2013},
}

@inproceedings{swing2swt,
 author = {Thiago Tonelli and Krzysztof and Ralf},
 title = {{Swing to SWT and Back: Patterns for API Migration by Wrapping}},
 booktitle = {ICSM},
 year = {2010},
 pages = {1--10},
} 

@book{python,
 author = {Pilgrim, Mark},
 title = {{Dive Into Python 3}},
 year = {2009},
 publisher = {APress},
} 

@TechReport{swin-tr,
  author =       {C. Wang and J. Li and Y. Xiong and Z. Hu.},
  title =        {{Formal Definition of SWIN language}},
  institution =  {Institute of Software, Peking University},
  year =         {2014},
  OPTnote =      {available at \url{https://github.com/Mestway/SWIN-Project/blob/master/docs/pepm-15/TR/TR.pdf}},
}

@techreport{mj,
  title={{MJ: An imperative core calculus for Java and Java with effects}},
  author={Bierman, Gavin and Parkinson, Matthew and Pitts, Andrew},
  year={2003},
  institution={Technical Report 563, Cambridge University Computer Laboratory}
}

@article{fj,
  title={{Featherweight Java: a minimal core calculus for Java and GJ}},
  author={Igarashi, Atsushi and Pierce, Benjamin C and Wadler, Philip},
  journal={ACM Transactions on Programming Languages and Systems},
  pages={396--450},
  year={2001},
}

@book{tapl,
  title={{Types and programming languages}},
  author={Pierce, Benjamin C},
  year={2002},
  publisher={MIT press}
}

@inproceedings{twinning,
 author = {Nita, Marius and Notkin, David},
 title = {{Using Twinning to Adapt Programs to Alternative APIs}},
 booktitle = {ICSE},
 year = {2010},
 pages = {205--214},
}

@article{txl,
 author = {Cordy, James R.},
 title = {{The TXL Source Transformation Language}},
 journal = {Sci. Comput. Program.},
 year = {2006},
 pages = {190--210},
}

@article{stratego,
 author = {Bravenboer, Martin and Kalleberg, Karl Trygve and Vermaas, Rob and Visser, Eelco},
 title = {{Stratego/XT 0.17. A Language and Toolset for Program Transformation}},
 journal = {Sci. Comput. Program.},
 year = {2008},
 pages = {52--70},
}

@inproceedings{popl02,
  title={{Systematic design of program transformation frameworks by abstract interpretation}},
  author={COUSOT, P},
  booktitle={POPL},
  pages={178--190},
  year={2002},
}

@inproceedings{refaster,
 author = {Wasserman, Louis},
 title = {{Scalable, Example-based Refactorings with Refaster}},
 booktitle = {WRT},
 year = {2013},
 pages = {25--28},
}

@inproceedings{oopsla05,
 author = {Balaban, Ittai and Tip, Frank and Fuhrer, Robert},
 title = {{Refactoring Support for Class Library Migration}},
 booktitle = {OOPSLA},
 year = {2005},
 pages = {265--279},
}

inproceedings{hula,
 author = {Erwig, Martin and Ren, Deling},
 title = {{A Rule-based Language for Programming Software Updates}},
 booktitle = {RULE},
 year = {2002},
 pages = {67--78},
}

article{updatecalculus,
 author = {Erwig, Martin and Ren, Deling},
 title = {{An Update Calculus for Expressing Type-safe Program Updates}},
 journal = {Sci. Comput. Program.},
 year = {2007},
 pages = {199--222},
}

@inproceedings{reba,
 author = {Dig, Danny and Negara, Stas and Mohindra, Vibhu and Johnson, Ralph},
 title = {{ReBA: Refactoring-aware Binary Adaptation of Evolving Libraries}},
 booktitle = {ICSE},
 year = {2008},
 pages = {441--450},
}

@inproceedings{catchup,
 author = {Henkel, Johannes and Diwan, Amer},
 title = {{CatchUp!: Capturing and Replaying Refactorings to Support API Evolution}},
 booktitle = {ICSE},
 year = {2005},
 pages = {274--283},
}

@inproceedings{semanticpatch,
 author = {Padioleau, Yoann and Lawall, Julia and Hansen, Ren{\'e} Rydhof and Muller, Gilles},
 title = {{Documenting and Automating Collateral Evolutions in Linux Device Drivers}},
 booktitle = {EuroSys},
 year = {2008},
 pages = {247--260},
} 

@inproceedings{popl09,
 author = {Brunel, Julien and Doligez, Damien and Hansen, Ren{\'e} Rydhof and Lawall, Julia L. and Muller, Gilles},
 title = {{A Foundation for Flow-based Program Matching: Using Temporal Logic and Model Checking}},
 booktitle = {POPL},
 year = {2009},
 pages = {114--126},
} 

@incollection{xmlstudy,
  title={{Study of an API migration for two XML APIs}},
  author={Bartolomei, Thiago Tonelli and Czarnecki, Krzysztof and L{\"a}mmel, Ralf and Van Der Storm, Tijs},
  booktitle={SLE},
  pages={42--61},
  year={2010},
}

@inproceedings{swin,
 author = {Li, Jun and Wang, Chenglong and Xiong, Yingfei and Hu, Zhenjiang},
 title = {{SWIN: Towards Type-Safe Java Program Adaptation Between APIs}},
 booktitle = {PEPM},
 year = {2015},
 pages = {91--102},
} 

inproceedings{pepm14,
 author = {Leather, Sean and Jeuring, Johan and L\"{o}h, Andres and Schuur, Bram},
 title = {{Type-changing Rewriting and Semantics-preserving Transformation}},
 booktitle = {PEPM},
 year = {2014},
 pages = {109--120},
}

inproceedings{fool06,
  title={{Fine-Grained API Evolution for Method Deprecation and Anti-Deprecation}},
  author={Spoon, S Alexander},
  booktitle={FOOL},
  year={2006}
}

incollection{tom,
  title={{Tom: Piggybacking rewriting on java}},
  author={Balland, Emilie and Brauner, Paul and Kopetz, Radu and Moreau, Pierre-Etienne and Reilles, Antoine},
  booktitle={RTA}
  pages={36--47},
  year={2007},
}

techreport{spoon,
  title={{Spoon: Program analysis and transformation in java}},
  author={Noguera, Renaud Pawlakand Carlos and Petitprez, Nicolas},
  year={2006},
  institution={Technical Report 5901, INRIA}
}

inproceedings{package,
 author = {Axelsen, Eyvind W. and Krogdahl, Stein},
 title = {{Package Templates: A Definition by Semantics-preserving Source-to-source Transformations to Efficient Java Code}},
 booktitle = {GPCE},
 year = {2012},
 pages = {50--59},
} 

@inproceedings{olmos05,
  title={{Composing source-to-source data-flow transformations with rewriting strategies and dependent dynamic rewrite rules}},
  author={Olmos, Karina and Visser, Eelco},
  booktitle={CC},
  pages={204--220},
  year={2005},
}

@inproceedings{imperative,
  title={{Imperative program transformation by rewriting}},
  author={Lacey, David and De Moor, Oege},
  booktitle={CC},
  pages={52--68},
  year={2001},
}

@inproceedings{crossver,
  title={{Crossver: a Code Transformation Language for Crosscutting Changes}},
  author={Sakurai, Kouhei and Masuhara, Hidehiko},
  booktitle={AOAsia/Pacific},
  year={2014}
}

@inproceedings{bytecode,
 author = {Kats, Lennart C.L. and Bravenboer, Martin and Visser, Eelco},
 title = {{Mixing Source and Bytecode: A Case for Compilation by Normalization}},
 booktitle = {OOPSLA},
 year = {2008},
 pages = {91--108},
} 

@incollection{detectrefactoring,
  title={{Automated detection of refactorings in evolving components}},
  author={Dig, Danny and Comertoglu, Can and Marinov, Darko and Johnson, Ralph},
  booktitle={ECOOP},
  pages={404--428},
  year={2006},
}

@inproceedings{gpatch,
 author = {Andersen, J. and Lawall, J. L.},
 title = {{Generic Patch Inference}},
 booktitle = {ASE},
 year = {2008},
 pages = {337--346},
} 

@inproceedings{spatch,
  title={{Semantic patch inference}},
  author={Andersen, Jesper and Nguyen, Anh Cuong and Lo, David and Lawall, Julia L and Khoo, Siau-Cheng},
  booktitle={ASE},
  pages={382--385},
  year={2012},
}

@inproceedings{graph,
 author = {Nguyen, Hoan Anh and Nguyen, Tung Thanh and Wilson,Jr., Gary and Nguyen, Anh Tuan and Kim, Miryung and Nguyen, Tien N.},
 title = {{A Graph-based Approach to API Usage Adaptation}},
 booktitle = {OOPSLA},
 year = {2010},
 pages = {302--321},
} 

@inproceedings{sediting,
 author = {Meng, Na and Kim, Miryung and McKinley, Kathryn S.},
 title = {{Systematic Editing: Generating Program Transformations from an Example}},
 booktitle = {PLDI},
 year = {2011},
 pages = {329--342},
} 

@inproceedings{soot,
 author = {Vall{\'e}e-Rai, Raja and Co, Phong and Gagnon, Etienne and Hendren, Laurie and Lam, Patrick and Sundaresan, Vijay},
 title = {{Soot - a Java Bytecode Optimization Framework}},
 booktitle = {CASCON},
 year = {1999},
 pages = {13--},
} 






@book{dragonbook,
 author = {Aho, Alfred V. and Lam, Monica S. and Sethi, Ravi and Ullman, Jeffrey D.},
 title = {Compilers: Principles, Techniques, and Tools (2nd Edition)},
 year = {2006},
 publisher = {Addison-Wesley}
}
